@article{marquez2011metaversos,
	title={Metaversos y educación: Second Life como plataforma educativa},
	author={Márquez, Israel V and others},
	journal={Revista ICONO 14. Revista científica de Comunicación y Tecnologías emergentes},
	volume={9},
	number={2},
	pages={151--166},
	year={2011},
	publisher={Asociación científica ICONO 14}
}
@misc{cheng2023metaverse,
	title={Metaverse: Concept, Content and Context},
	author={Cheng, Shenghui and View, Social},
	year={2023},
	publisher={Springer}
}
